<?xml version="1.0" encoding="UTF-8"?><record xmlns="http://www.loc.gov/MARC21/slim" xmlns:cinclude="http://apache.org/cocoon/include/1.0" xmlns:zs="http://www.loc.gov/zing/srw/">
  <leader>00486cz  a2200145n  4500</leader>
  <controlfield tag="001">n 2005013266</controlfield>
  <controlfield tag="003">DLC</controlfield>
  <controlfield tag="005">20101029075043.0</controlfield>
  <controlfield tag="008">050223n| acannaabn          |a aad      </controlfield>
  <datafield tag="010" ind1=" " ind2=" ">
    <subfield code="a">n 2005013266</subfield>
  </datafield>
  <datafield tag="035" ind1=" " ind2=" ">
    <subfield code="a">(OCoLC)oca06569914</subfield>
  </datafield>
  <datafield tag="040" ind1=" " ind2=" ">
    <subfield code="a">DLC</subfield>
    <subfield code="b">eng</subfield>
    <subfield code="c">DLC</subfield>
    <subfield code="d">IEN-Mu</subfield>
  </datafield>
  <datafield tag="100" ind1="1" ind2=" ">
    <subfield code="a">Brüggemann, Kurt,</subfield>
    <subfield code="d">1908-2002.</subfield>
    <subfield code="t">Ferne Flöte</subfield>
  </datafield>
  <datafield tag="400" ind1="1" ind2=" ">
    <subfield code="a">Brüggemann, Kurt,</subfield>
    <subfield code="d">1908-2002.</subfield>
    <subfield code="t">Distant flute</subfield>
  </datafield>
  <datafield tag="670" ind1=" " ind2=" ">
    <subfield code="a">Brüggemann, Kurt. Die ferne Flöte, p2000:</subfield>
    <subfield code="b">label (Die Die ferne Flöte = Distant flute)</subfield>
  </datafield>
</record>